@comment{This file has been generated by Pybliographer}


@Article{GA:CP98-Cantu-Paz,
  Author         = {Cantu-Paz, Eric},
  Title          = "A Survey of Parallel Genetic Algorithms.",
  Journal        = {Calculateurs Parallels, Reseaux et Systems Repartis},
  Volume         = "10",
  Number         = "2",
  Pages          = {141-171},
  publisher      = "Paris: Hermes",
  year           = 1998,
}

@Manual{HandelC:refManual,
  Title          = {Handel-{C} {L}anguage {R}eference {M}anual},
  Author         = {Celoxica},
  Organization   = {Celoxica Ltd.},
  Address        = {20 Park Gate, Milton Park, Abingdon, Oxfordshire, OX14
                   4SH, United Kingdom.},
  Edition        = {2.1},
  Note           = {Vendors of Handel-C},
  url            = {http:www.celoxica.com},
  year           = 2001,
}

@Misc{Celoxica:website,
  Author         = {Celoxica},
  Title          = {Web site of {C}eloxica {L}td.},
  HowPublished   = {www.celoxica.com},
  Note           = {Vendors of Handel-C. Last visited 15/June/2001},
  year           = 2001,
}

@Article{Celoxica:2001,
  Author         = {Celoxica},
  Title          = {Triple {DES} {H}ardware {D}esign and {I}mplementation
                   in {O}ne {W}eek {W}ith {O}nly {O}ne {S}oftware
                   {E}ngineer},
  year           = 2001,
}

@InCollection{Fogarty:miller:Thompson:1998,
  Author         = {Fogarty, Terrance and Miller, Julian and Thompson,
                   Peter},
  Title          = {Evolving {D}igital {L}ogic {C}ircuits on {X}ilinx 6000
                   {F}amily {FPGA}s},
  BookTitle      = {Soft {C}omputing in {E}ngineering {D}esign and
                   {M}anufacturing},
  Publisher      = {Springer-Verlag},
  Editor         = {Chawdhry, {P K} and Roy, R and Pant, {R K}},
  Pages          = {299-305},
  year           = 1998,
}

@InProceedings{Graham:96,
  Author         = {Graham, Paul and Nelson, Brent},
  Title          = {Genetic {A}lgorithms {I}n {S}oftware and {I}n hardware
                   - {A} {P}erformance {A}nalysis {O}f {W}orkstation and
                   {C}ustom {C}omputing {M}achine {I}mplementations},
  BookTitle      = {Proceedings of the {F}ourth {IEEE} {S}ymposium of
                   {FPGA}s for {C}ustom {C}omputing {M}achines.},
  Editor         = {Pocek, {Kenneth L.} and Arnold, Jeffrey},
  Pages          = {216-225},
  Address        = {Napa Valley, Califormia},
  Publisher      = {IEEE Computer Society Press},
  month          = apr,
  year           = 1996,
}

@InProceedings{haddow:2000,
  Author         = {Haddow, Pauline, C and Tufte, Gunnar},
  Title          = {An {E}volvable {H}ardware {FPGA} for {A}daptive
                   hardware},
  year           = 2000,
}

@Book{Knuth:vol2,
  Author         = {Knuth, Donald, E.},
  Title          = {Semi {N}umerical {A}lgorithms},
  Publisher      = {Addison-Wesley Publishing Company},
  Volume         = {2},
  year           = 1969,
}

@InProceedings{EHW:NASA99-Levi,
  Author         = {Levi, Delon and Guccione, {Steven A.}},
  Title          = {Genetic {FPGA}: {E}volving {S}table {C}ircuits on
                   {M}ainstream {FPGA} {D}evices},
  BookTitle      = "Proc. of the First NASA/DoD Workshop on Evolvable
                   Hardware",
  Editor         = {Stoica, A and Keymeulen, D and Lohn, J},
  Pages          = "12-17",
  Publisher      = "IEEE Computer Society",
  month          = "July",
  year           = 1999,
}

@Misc{diehard:2001,
  Author         = {Marsaglia, George},
  Title          = {Web site for {D}iehard random number test suite.},
  HowPublished   = {http://stat.fsu.edu/geo/},
  Note           = {Last visited 15/June/2001},
  year           = 2001,
}

@Misc{Psim:homepage,
  Author         = {Meissner, M},
  Title          = {Web site for {P}ower-pc simulator - psim.},
  HowPublished   = {http://sources.redhat.com/psim/},
  Note           = {Last visited 15/June/2001},
  year           = 2001,
}

@Manual{PPCusermanual:1998,
  Title          = {Power{QUICC} {MPC}860 {U}ser's {M}anual},
  Author         = {Motorola},
  Organization   = {Motorola Inc.},
  Address        = {Motorola Literature Distribution, P.O. Box 5405,
                   Denver, Colorado 80217, U.S.A.},
  Edition        = {REV.1},
  year           = 1998,
}

@InProceedings{Nowostawski:1999,
  Author         = {Nowostawski, Marius and Poli, Riccardo},
  Title          = {Parallel {G}enetic {A}lgorithm {T}axonomy},
  BookTitle      = {Proceedings of the {T}hird {I}nternational
                   {C}onference on {K}nowlege-based {I}ntelligent
                   {I}nformation {E}ngineering {S}ystems {KES}'99},
  Pages          = {88-92},
  Publisher      = {IEEE Computer Society},
  month          = aug,
  url            = {http:marni.otago.ac.nz/~mariusz/gzipped/pgaTaxonomy.ps.gz},
  year           = 1999,
}

@Article{page:1996,
  Author         = {Page, Ian},
  Title          = {Constructing {H}ardware-{S}oftware {S}ystems from a
                   {S}ingle {D}escription},
  Journal        = {Journal of VLSI Signal Processing},
  Volume         = {1},
  Number         = {12},
  Pages          = {87-107},
  Note           = {Kluwer Academic Publishers},
  month          = jan,
  year           = 1996,
  publsihers     = {Kluwer Academic Publishers},
}

@Article{page:video:1997,
  Author         = {Page, Ian},
  Title          = {Compiling {V}ideo {A}lgorithms into {H}ardware},
  Journal        = {Embedded System Enginerring},
  year           = 1997,
  month          = sep,
}

@InProceedings{EHW:ICES2000-Perkins,
  Author         = {Perkins, Simon and Porter, Reid and Harvey, Neal},
  Title          = {Everything on the chip: a hardware-based
                   self-contained spatially-structured genetic algorithm
                   for signal processing},
  BookTitle      = "Proc. Of the 3rd Int. Conf. on Evolvable Systems: From
                   Biology to Hardware (ICES 2000)",
  Editor         = {Miller, Julian and Thompson, A and Thomson, P and
                   Fogarty, {Terrance C.}},
  Volume         = "1801",
  Series         = "Lecture Notes in Computer Science",
  Pages          = "165-174",
  Address        = "Edinburgh, UK",
  Publisher      = {Springer-Verlag},
  year           = 2000,
}

@Book{schneier:cryptography,
  Author         = {Schneier, B},
  Title          = {Applied {C}ryptography. {P}rotocols, {A}lgorithms, and
                   {S}ource {C}ode in {C}},
  Publisher      = {John Wiley \& Sons, Inc.},
  year           = 1996,
}

@TechReport{Scott:1997,
  Author         = {Scott, D and Seth, S and Samal, A},
  Title          = {A {H}ardware {E}ngine for {G}enetic {A}lgorithms},
  Institution    = {University of Nebraska-Lincon},
  Type           = {Technical Report},
  Number         = {UNL-CSE-97-001},
  Address        = {Dept Computer Science and Engineering, University of
                   Nebraska-Lincon.},
  month          = {4 } # jul,
  year           = 1997,
}

@Book{sedgewick,
  Author         = {Sedgewick, Robert},
  Title          = {Algorithms},
  Publisher      = {Addison-Wesley Publishing Company},
  year           = 1984,
}

@Article{shackleford:2001,
  Author         = {Shackleford, Barry and Snider, Greg and Carter,
                   {Richard J.} and Okushi, Etsuko and Yasuda, Mitsuhiro
                   and Seo, Katsuhiko and Yasuura, Hiroto},
  Title          = {A {H}igh {P}erformance, {P}ipelined, {FPGA}-{B}ased
                   {G}enetic {A}lgorithm {M}achine},
  Journal        = {Genetic Programming and Evolvable Machines},
  Volume         = {2},
  Number         = {1},
  Pages          = {33-60},
  month          = mar,
  publishers     = {Kluwer Academic Publishers},
  year           = 2001,
}

@TechReport{sulik:2000,
  Author         = {Sulik, D and Vasilko, M and Durackova, D and Fuchs, P},
  Title          = {Design of a {RISC} {M}icrocontroller {C}ore in 48
                   {H}ours},
  Institution    = {Bournemouth University},
  Type           = {Unpublished paper},
  Note           = {http://dec.bournemouth.ac.uk/drhw/publications/sulik-risc48hrs.pdf
                   Embedded Systems Show 2000, London Olympia, UK},
  month          = {May},
  year           = 2000,
}

@Article{Thompson:1999,
  Author         = {Thompson, Adrian and Layzell, Paul},
  Title          = {Analysis of {U}nconventional {E}volved {E}lectronics},
  Journal        = {Communications of the ACM},
  Volume         = {42},
  Number         = {4},
  Pages          = {71-79},
  month          = apr,
  year           = 1999,
}

@InProceedings{EHW:NASA99-Tufte,
  Author         = {Tufte, Gunnar and Haddow, {Pauline C.}},
  Title          = {Prototyping a {GA} pipeline for complete hardware
                   evolution},
  BookTitle      = "Proc. of the First NASA/DoD Workshop on Evolvable
                   Hardware",
  Editor         = {Stoica, A and Keymeulen, D and Lohn, J},
  Pages          = "18-25",
  Publisher      = "IEEE Computer Society",
  month          = "July",
  year           = 1999,
}

@Misc{Xilinx:2001,
  Author         = {Xilinx},
  Title          = {Web site of {X}ilinx for {FPGA} data sheets.},
  HowPublished   = {www.xilinx.com},
  Note           = {Last visited 15/June/2001},
  year           = 2001,
}

@InProceedings{Yamaguchi:2000,
  Author         = {Yamaguchi, Yoshiki and Miyashita, Akira and Marutama,
                   Tsutomu and Hoshino, Tsutomu},
  Title          = {A {C}o-processor {S}ystem with a {V}irtex {FPGA} for
                   {E}volutionary {C}omputation},
  BookTitle      = {10th {I}nternational {C}onference on {F}ield
                   {P}rogrammable {L}ogic and {A}pplications ({FPL}2000)},
  Editor         = {Hartenstein, {Reiner W.} and Grunbacher, Herbert},
  Volume         = {1896},
  Series         = {Lecture notes in Computer Science},
  Pages          = {240-249},
  Publisher      = {Springer-Verlag},
  month          = aug,
  year           = 2000,
}

